<?xml version="1.0" encoding="UTF-8"?><collection xmlns="http://www.loc.gov/MARC21/slim"><record><leader>00433nam--2200133-i-4500</leader><controlfield tag="001">000010905</controlfield><controlfield tag="002">20161230</controlfield><controlfield tag="005">20161230201029</controlfield><controlfield tag="008">060222s1000------------r-----000-0-eng-d</controlfield><datafield ind1=" " ind2=" " tag="100"><subfield code="a">Adler, Burkhard Und Rossbander, Werner</subfield></datafield><datafield ind1=" " ind2=" " tag="245"><subfield code="a">Zur interpretation des messwertes von kugelmo deratordosimetern als neutronendosisaquivalent in der korperoberflache</subfield></datafield><datafield ind1=" " ind2=" " tag="260"><subfield code="a">Rossendorf Bei Dresden, Zfk, 1972 9 P</subfield></datafield><datafield ind1=" " ind2=" " tag="490"><subfield code="a">242</subfield></datafield><datafield ind1=" " ind2=" " tag="852"><subfield code="a">25832</subfield></datafield></record></collection>